 
@INPROCEEDINGS{Corrin2009,
  author = {Corrin, E.},
  title = {{The EUDET High Resolution Beam Telescope - The Final Digital Readout}},
  booktitle = {2009 IEEE Nuclear Science Symposium Conference Record (NSS/MIC)},
  year = {2009},
  pages = {816--819},
  month = oct,
  publisher = {IEEE},
  doi = {10.1109/NSSMIC.2009.5402354},
  url = {http://ieeexplore.ieee.org/lpdocs/epic03/wrapper.htm?arnumber=5402354}
}

@ARTICLE{EUDET-2008-48,
  author = {Bulgheroni, A. and others},
  title = {{EUTelescope, the JRA1 Tracking and Reconstruction Software: A Status
	Report (Milestone)}},
  journal = {EUDET-Memo-2008-48},
  year = {2008},
  url = {http://www.eudet.org/e26/e28/e615/e835/eudet-memo-2008-48.pdf}
}

@ARTICLE{EUDET-2007-20,
  author = {Bulgheroni, A. and others},
  title = {{EUTelescope: Tracking Software}},
  journal = {EUDET-Memo-2007-20},
  year = {2007},
  url = {http://www.eudet.org/e26/e28/e182/e425/eudet-memo-2007-20.pdf}
}

@ARTICLE{Kleinwort-2012,
   author = {{Kleinwort}, C.},
    title = "{General broken lines as advanced track fitting method}",
  journal = {Nuclear Instruments and Methods in Physics Research A},
archivePrefix = "arXiv",
   eprint = {1201.4320},
 primaryClass = "physics.ins-det",
     year = 2012,
    month = may,
   volume = 673,
    pages = {107-110},
      doi = {10.1016/j.nima.2012.01.024},
   adsurl = {http://adsabs.harvard.edu/abs/2012NIMPA.673..107K}
}

@article{Blobel-2006,
title = "Software alignment for tracking detectors ",
journal = "Nuclear Instruments and Methods in Physics Research Section A ",
volume = "566",
number = "1",
pages = "5 - 13",
year = "2006",
note = "Proceedings of the 1st Workshop on Tracking in High Multiplicity Environments 1st Workshop on Tracking in High Multiplicity Environments ",
issn = "0168-9002",
doi = "http://dx.doi.org/10.1016/j.nima.2006.05.157",
url = "http://www.sciencedirect.com/science/article/pii/S0168900206007984",
author = "V. Blobel",
keywords = "Track fitting",
keywords = "Track detector alignment",
keywords = "Global least-squares fit "
}

@article{PhysRevD.86.010001,
  title = {Review of Particle Physics},
  author = {Behringer et al. (Particle Data Group), J.},
  journal = {Phys. Rev. D},
  volume = {86},
  issue = {1},
  pages = {010001},
  numpages = {1528},
  year = {2012},
  month = {Jul},
  publisher = {American Physical Society},
  doi = {10.1103/PhysRevD.86.010001},
  url = {http://link.aps.org/doi/10.1103/PhysRevD.86.010001}
}


@phdthesis{ref:thomas,
  author	= {Eichhorn, T.}, 
  title		= {PhD thesis in preparation},
  school	= {Universit\"at Hamburg},
  year		= 2015,
  address	= {Hamburg},
  type	= "{PhD} thesis",
}
